@misc{dialogflow,
       title = "https://dialogflow.com/",
       note = "consulté le",
       year = "16 Janvier 2018" }

@misc{reactnative,
       title = "https://facebook.github.io/react-native/",
       note = "consulté le",
       year = "16 Janvier 2018" }

@misc{node,
       title = "https://nodejs.org/en/",
       note = "consulté le",
       year = "16 Janvier 2018" }

@misc{node,
       title = "http://expressjs.com/fr/",
       note = "consulté le",
       year = "16 Janvier 2018" }

@misc{createnative,
       title = "https://github.com/react-community/create-react-native-app",
       note = "consulté le",
       year = "16 Janvier 2018" }

@misc{trello,
       title = "https://trello.com/",
       note = "consulté le",
       year = "16 Janvier 2018" }